@inproceedings{fm/ErmisSW12,
  author    = {Evren Ermis and
               Martin Sch{\"{a}}f and
               Thomas Wies},
  editor    = {Dimitra Giannakopoulou and
               Dominique M{\'{e}}ry},
  title     = {Error Invariants},
  booktitle = {{FM}},
  series    = {LNCS},
  volume    = {7436},
  pages     = {187--201},
  publisher = {Springer},
  year      = {2012},
  url       = {https://doi.org/10.1007/978-3-642-32759-9_17}
}


@inproceedings{vmcai/ChristESW13,
  author    = {J{\"{u}}rgen Christ and
               Evren Ermis and
               Martin Sch{\"{a}}f and
               Thomas Wies},
  title     = {Flow-Sensitive Fault Localization},
  booktitle = {{VMCAI}},
  series    = {LNCS},
  volume    = {7737},
  pages     = {189--208},
  publisher = {Springer},
  year      = {2013}
}


@inproceedings{sigsoft/SchafSW13,
  author    = {Martin Sch{\"{a}}f and
               Daniel Schwartz{-}Narbonne and
               Thomas Wies},
  title     = {Explaining inconsistent code},
  booktitle = {{ESEC/SIGSOFT} {FSE}},
  pages     = {521--531},
  publisher = {{ACM}},
  year      = {2013}
}
